<?xml version="1.0" encoding="UTF-8"?><record xmlns="http://www.loc.gov/MARC21/slim" xmlns:cinclude="http://apache.org/cocoon/include/1.0" xmlns:zs="http://www.loc.gov/zing/srw/">
  <leader>00355nz  a2200121n  4500</leader>
  <controlfield tag="001">n  95089164 </controlfield>
  <controlfield tag="003">DLC</controlfield>
  <controlfield tag="005">19950909123852.5</controlfield>
  <controlfield tag="008">950909n| acannaab|          |n aaa |||  </controlfield>
  <datafield tag="010" ind1=" " ind2=" ">
    <subfield code="a">n  95089164 </subfield>
  </datafield>
  <datafield tag="040" ind1=" " ind2=" ">
    <subfield code="a">DLC</subfield>
    <subfield code="c">DLC</subfield>
  </datafield>
  <datafield tag="100" ind1="1" ind2="0">
    <subfield code="a">Bargel, Marco</subfield>
  </datafield>
  <datafield tag="670" ind1=" " ind2=" ">
    <subfield code="a">Internationale Kapital- und Technologietransfers multinationaler Unternehmen, c1993:</subfield>
    <subfield code="b">t.p. (Marco Bargel)</subfield>
  </datafield>
</record>